@article{rand1971objective,
  title={Objective criteria for the evaluation of clustering methods},
  author={Rand, William M},
  journal={Journal of the American Statistical association},
  volume={66},
  number={336},
  pages={846--850},
  year={1971},
  publisher={Taylor \& Francis}
}
@online{Spotify_pop,
	title        = {Spotify song popularity},
	urldate      = {2022-30-01},
	url          = {https://towardsdatascience.com/predicting-popularity-on-spotify-when-data-needs-culture-more-than-culture-needs-data-2ed3661f75f1#:~:text=According%20to%20Spotify%2C%20%E2%80%9Cpopularity%20is,a%20lot%20in%20the%20past.%E2%80%9D},
}
@online{Spotify_users,
	title        = {Spotify active users},
	urldate      = {2022-30-01},
	url          = {https://www.statista.com/statistics/367739/spotify-global-mau/}
}
@online{Spotify_developers,
	title        = {Spotify developers},
	urldate      = {2022-30-01},
	url          = {https://developer.spotify.com/}
}
@online{Spotify_Kaggle,
	title        = {Kaggel, Spotify data set},
	urldate      = {2022-30-01},
	url          = {https://www.kaggle.com/rodolfofigueroa/spotify-12m-songs}
}
@online{Valence,
	title        = {Spotify developers, valence},
	urldate      = {2022-30-01},
	url          = {https://developer.spotify.com/documentation/web-api/reference/}
}


%other methods
@article{araujo2020model,
  title={A Model for Predicting Music Popularity on Spotify},
  author={Araujo, Carlos Vicente Soares},
  journal={Recall},
  volume={50},
  pages={173--90},
  year={2020}
}

